@article{Yatsko_2015,
  doi = {10.1093/llc/fqv022},
  url = {http://dx.doi.org/10.1093/llc/fqv022},
  year = {2015},
  month = {jun},
  publisher = {Oxford University Press ({OUP})},
  author = {V. Yatsko},
  title = {{Zonal Text Processing}},
  journal = {Digital Scholarship in the Humanities},
}
